
@misc{govcan, 
title={About {L}yme {D}isease}, 
url={https://cihr-irsc.gc.ca/e/51541.html}, journal={CIHR}, 
organization={Government of Canada, Canadian Institutes of Health Research}, 
author={CIHR}, 
year={2023}, 
month={May}} 

@article{lou2014impact,
  title={Impact of biodiversity and seasonality on Lyme-pathogen transmission},
  author={Lou, Yijun and Wu, Jianhong and Wu, Xiaotian},
  journal={Theoretical Biology and Medical Modelling},
  volume={11},
  number={1},
  pages={1--25},
  year={2014},
  publisher={BioMed Central}
}